<record><leader>00000cas a22000007a 4500</leader><controlfield tag="001">11276579</controlfield><controlfield tag="008">841017d18471848ohudn ne      0    0eng d</controlfield><datafield ind1=" " ind2=" " tag="010"><subfield code="a">sn 84028626 </subfield></datafield><datafield ind1=" " ind2=" " tag="040"><subfield code="a">NPY</subfield><subfield code="b">eng</subfield><subfield code="c">NPY</subfield><subfield code="d">NPX</subfield><subfield code="d">DLC</subfield><subfield code="d">ONP</subfield><subfield code="d">HUL</subfield><subfield code="d">OCL</subfield><subfield code="d">OCLCF</subfield><subfield code="d">OCLCO</subfield></datafield><datafield ind1="1" ind2=" " tag="029"><subfield code="a">AU@</subfield><subfield code="b">000020121365</subfield></datafield><datafield ind1=" " ind2=" " tag="042"><subfield code="a">msc</subfield></datafield><datafield ind1="0" ind2="0" tag="050"><subfield code="a">Newspaper 9293</subfield></datafield><datafield ind1="0" ind2=" " tag="130"><subfield code="a">Ohio State journal (Columbus, Ohio : 1847)</subfield></datafield><datafield ind1="0" ind2="4" tag="245"><subfield code="a">The Ohio State journal.</subfield></datafield><datafield ind1="1" ind2="3" tag="246"><subfield code="a">Daily Ohio State journal</subfield></datafield><datafield ind1=" " ind2=" " tag="260"><subfield code="a">Columbus, Ohio :</subfield><subfield code="b">William B. Thrall,</subfield><subfield code="c">1847-1848.</subfield></datafield><datafield ind1=" " ind2=" " tag="300"><subfield code="a">v.</subfield></datafield><datafield ind1=" " ind2=" " tag="310"><subfield code="a">Daily (except Sun.)</subfield></datafield><datafield ind1="0" ind2=" " tag="362"><subfield code="a">Vol. 11, no. 15 (Aug. 11, 1847)-v. 12, no. 127 (Dec. 2, 1848).</subfield></datafield><datafield ind1=" " ind2=" " tag="530"><subfield code="a">Also available on microfilm from the Library of Congress Photoduplication Service and from UMI.</subfield></datafield><datafield ind1=" " ind2=" " tag="580"><subfield code="a">Triweekly ed.: Ohio State journal (Columbus, Ohio : 1844).</subfield></datafield><datafield ind1=" " ind2="0" tag="651"><subfield code="a">Columbus (Ohio)</subfield><subfield code="v">Newspapers.</subfield></datafield><datafield ind1=" " ind2="0" tag="651"><subfield code="a">Franklin County (Ohio)</subfield><subfield code="v">Newspapers.</subfield></datafield><datafield ind1=" " ind2="7" tag="655"><subfield code="a">Newspapers.</subfield><subfield code="2">fast</subfield><subfield code="0">(OCoLC)fst01423814</subfield></datafield><datafield ind1=" " ind2="7" tag="651"><subfield code="a">Ohio</subfield><subfield code="z">Columbus.</subfield><subfield code="2">fast</subfield><subfield code="0">(OCoLC)fst01205076</subfield></datafield><datafield ind1=" " ind2="7" tag="651"><subfield code="a">Ohio</subfield><subfield code="z">Franklin County.</subfield><subfield code="2">fast</subfield><subfield code="0">(OCoLC)fst01209686</subfield></datafield><datafield ind1=" " ind2=" " tag="752"><subfield code="a">United States</subfield><subfield code="b">Ohio</subfield><subfield code="c">Franklin</subfield><subfield code="d">Columbus.</subfield></datafield><datafield ind1="0" ind2=" " tag="775"><subfield code="t">Weekly Ohio State journal (Columbus, Ohio : 1841)</subfield><subfield code="w">(DLC)sn 85025897</subfield></datafield><datafield ind1="0" ind2="1" tag="780"><subfield code="t">Ohio State journal (Columbus, Ohio : 1844)</subfield><subfield code="w">(DLC)sn 88077798</subfield><subfield code="w">(OCoLC)18386201</subfield></datafield><datafield ind1="0" ind2="0" tag="785"><subfield code="t">Daily Ohio State journal (Columbus, Ohio : 1848)</subfield><subfield code="w">(DLC)sn 84024216</subfield><subfield code="w">(OCoLC)9330646</subfield></datafield></record>